@phdthesis{Borndorfer1998,
author = {Ralf Borndorfer},
year = {1998},
title = {Aspects of set packing, partitioning, and covering}
}

@article{chvatal,
  title={Edmonds polytopes and a hierarchy of combinatorial problems},
  author={V{\'a}clav Chv{\'a}tal},
  journal={Discrete mathematics},
  volume={4},
  number={4},
  pages={305--337},
  year={1973},
  publisher={Elsevier},
  issn = "0012-365X",
  doi = "http://dx.doi.org/10.1016/0012-365X(73)90167-2",
}

@article{hoffman,
author = {Karla L. Hoffman and Manfred Padberg},
title = {Improving {L}{P}-representations of zero-one linear programs for branch-and-cut},
journal = {ORSA Journal on Computing},
volume = {3},
number = {2},
pages = {121-134},
year = {1991},
doi = {10.1287/ijoc.3.2.121},
publisher={INFORMS}
}

@article{atamturk,
title = "Conflict graphs in solving integer programming problems ",
journal = "European Journal of Operational Research ",
volume = "121",
number = "1",
pages = "40 - 55",
year = "2000",
issn = "0377-2217",
doi = "http://dx.doi.org/10.1016/S0377-2217(99)00015-6",
author = "Alper Atamt√ºrk and George L. Nemhauser and Martin W.P. Savelsbergh",
}

@article{achterberg,
title = "Conflict analysis in mixed integer programming",
journal = "Discrete Optimization ",
volume = "4",
number = "1",
pages = "4 - 20",
year = "2007",
note = "Mixed Integer Programming \{IMA\} Special Workshop on Mixed-Integer Programming ",
issn = "1572-5286",
doi = "http://dx.doi.org/10.1016/j.disopt.2006.10.006",
author = "Tobias Achterberg",
}

@inproceedings{sandholm,
author = {Tuomas Sandholm and Rob Shields},
title = {Nogood learning for mixed integer programming},
booktitle={Workshop on Hybrid Methods and Branching Rules in Combinatorial Optimization, Montr{\'e}al},
year = {2006},
}

@article{haspeslagh,
  title={The first international nurse rostering competition 2010},
  author={Stefaan Haspeslagh and Patrick de Causmaecker and Andrea Schaerf and Martin St{\o}levik},
  journal={Annals of Operations Research},
  pages={1--16},
  year={2012},
  publisher={Springer}
}

@article{Padberg1973,
	author = {Padberg, M.W.},
	journal = {Mathematical Programming},
	month = dec,
	number = {1},
	pages = {199--215},
	title = {{On the facial structure of set packing polyhedra}},
	volume = {5},
	year = {1973}
}

@article{miplib,
  author       = "Thorsten Koch and Tobias Achterberg and Erling Andersen and Oliver Bastert and Timo Berthold and Robert E. Bixby and Emilie Danna and Gerald Gamrath and Ambros M. Gleixner and Stefan Heinz and Andrea Lodi and Hans Mittelmann and Ted Ralphs and Domenico Salvagnin and Daniel E. Steffy and Kati Wolter",
  title        = "{MIPLIB} 2010",
  journal      = "Mathematical Programming Computation",
  volume       = "3",
  number       = "2",
  pages        = "103--163",
  year         = "2011",
  doi          = "10.1007/s12532-011-0025-9",
  language     = "english",
}